<?xml version="1.0" encoding="UTF-8"?><collection xmlns="http://www.loc.gov/MARC21/slim"><record><leader>00383nam--2200133-i-4500</leader><controlfield tag="001">000014812</controlfield><controlfield tag="002">20161230</controlfield><controlfield tag="005">20161230201031</controlfield><controlfield tag="008">060222s1000------------r-----000-0-eng-d</controlfield><datafield ind1=" " ind2=" " tag="100"><subfield code="a">Dawydow, A.S</subfield></datafield><datafield ind1=" " ind2=" " tag="245"><subfield code="a">Quantenmechanik.2., durchgesehene auflage,</subfield></datafield><datafield ind1=" " ind2=" " tag="260"><subfield code="a">Berlin, Veb Deutscher Verlag Der Wissenschaften, 1970</subfield></datafield><datafield ind1=" " ind2=" " tag="490"><subfield code="a">Hochschulbucher Fur Physik</subfield></datafield><datafield ind1=" " ind2=" " tag="852"><subfield code="a">530.145.6(075.8)</subfield></datafield></record></collection>